
    <marc:record>
        <marc:leader>03404cpcaa2200565Ii 4500</marc:leader>
        <marc:controlfield tag="001">000861207</marc:controlfield>
        <marc:controlfield tag="005">20200423135404.0</marc:controlfield>
        <marc:controlfield tag="008">890601i18511873ncu                 eng d</marc:controlfield>
        <marc:datafield tag="035" ind1=" " ind2=" ">
            <marc:subfield code="a">19793389</marc:subfield>
        </marc:datafield>
        <marc:datafield tag="040" ind1=" " ind2=" ">
            <marc:subfield code="a">NDD</marc:subfield>
            <marc:subfield code="b">eng</marc:subfield>
            <marc:subfield code="e">rda</marc:subfield>
            <marc:subfield code="e">dacs</marc:subfield>
            <marc:subfield code="c">NDD</marc:subfield>
            <marc:subfield code="d">OCLCQ</marc:subfield>
            <marc:subfield code="d">OCLCO</marc:subfield>
            <marc:subfield code="d">OCLCF</marc:subfield>
            <marc:subfield code="d">OCL</marc:subfield>
            <marc:subfield code="d">NDD</marc:subfield>
        </marc:datafield>
        <marc:datafield tag="041" ind1=" " ind2=" ">
            <marc:subfield code="a">eng</marc:subfield>
        </marc:datafield>
        <marc:datafield tag="043" ind1=" " ind2=" ">
            <marc:subfield code="a">n-us-il</marc:subfield>
            <marc:subfield code="a">n-usu--</marc:subfield>
            <marc:subfield code="a">n-us-nc</marc:subfield>
        </marc:datafield>
        <marc:datafield tag="049" ind1=" " ind2=" ">
            <marc:subfield code="a">NDDP</marc:subfield>
        </marc:datafield>
        <marc:datafield tag="100" ind1="1" ind2=" ">
            <marc:subfield code="a">Hooper, Aurelia,</marc:subfield>
            <marc:subfield code="e">addressee.</marc:subfield>
        </marc:datafield>
        <marc:datafield tag="245" ind1="1" ind2="0">
            <marc:subfield code="a">Aurelia Hooper papers,</marc:subfield>
            <marc:subfield code="f">1851-1873.</marc:subfield>
        </marc:datafield>
        <marc:datafield tag="264" ind1=" " ind2="0">
            <marc:subfield code="c">1851-1873.</marc:subfield>
        </marc:datafield>
        <marc:datafield tag="300" ind1=" " ind2=" ">
            <marc:subfield code="a">29 items</marc:subfield>
        </marc:datafield>
        <marc:datafield tag="336" ind1=" " ind2=" ">
            <marc:subfield code="a">text</marc:subfield>
            <marc:subfield code="b">txt</marc:subfield>
            <marc:subfield code="2">rdacontent</marc:subfield>
        </marc:datafield>
        <marc:datafield tag="337" ind1=" " ind2=" ">
            <marc:subfield code="a">unmediated</marc:subfield>
            <marc:subfield code="b">n</marc:subfield>
            <marc:subfield code="2">rdamedia</marc:subfield>
        </marc:datafield>
        <marc:datafield tag="338" ind1=" " ind2=" ">
            <marc:subfield code="a">sheet</marc:subfield>
            <marc:subfield code="b">nb</marc:subfield>
            <marc:subfield code="2">rdacarrier</marc:subfield>
        </marc:datafield>
        <marc:datafield tag="545" ind1=" " ind2=" ">
            <marc:subfield code="a">Aurelia Hooper was a resident of Caswell County, North Carolina.</marc:subfield>
        </marc:datafield>
        <marc:datafield tag="520" ind1="8" ind2=" ">
            <marc:subfield code="a">Primarily Civil War letters from Private George Leitz, 17th Virginia Regiment, C.S.A., to Miss Hooper, including a description of the Confederate gunboat Neuse under construction near Kinston, North Carolina. A letter, 1871, refers to property lost in the Chicago Fire. Also included is a pledge signed by those interested in forming a volunteer rifle company.</marc:subfield>
        </marc:datafield>
        <marc:datafield tag="600" ind1="1" ind2="0">
            <marc:subfield code="a">Hooper, Aurelia.</marc:subfield>
        </marc:datafield>
        <marc:datafield tag="610" ind1="1" ind2="0">
            <marc:subfield code="a">Confederate States of America.</marc:subfield>
            <marc:subfield code="b">Army</marc:subfield>
            <marc:subfield code="x">Military life.</marc:subfield>
        </marc:datafield>
        <marc:datafield tag="610" ind1="1" ind2="0">
            <marc:subfield code="a">Confederate States of America.</marc:subfield>
            <marc:subfield code="b">Army.</marc:subfield>
            <marc:subfield code="b">Virginia Infantry Regiment, 17th.</marc:subfield>
            <marc:subfield code="0">http://id.loc.gov/authorities/names/n85225361</marc:subfield>
        </marc:datafield>
        <marc:datafield tag="610" ind1="1" ind2="0">
            <marc:subfield code="a">Confederate States of America.</marc:subfield>
            <marc:subfield code="b">Navy.</marc:subfield>
            <marc:subfield code="0">http://id.loc.gov/authorities/names/n50057060</marc:subfield>
        </marc:datafield>
        <marc:datafield tag="600" ind1="1" ind2="0">
            <marc:subfield code="a">Leitz, George.</marc:subfield>
        </marc:datafield>
        <marc:datafield tag="610" ind1="2" ind2="0">
            <marc:subfield code="a">Neuse (Ship)</marc:subfield>
            <marc:subfield code="0">http://id.loc.gov/authorities/names/n82039091</marc:subfield>
        </marc:datafield>
        <marc:datafield tag="610" ind1="1" ind2="7">
            <marc:subfield code="a">Confederate States of America.</marc:subfield>
            <marc:subfield code="b">Army.</marc:subfield>
            <marc:subfield code="2">fast</marc:subfield>
            <marc:subfield code="0">http://id.worldcat.org/fast/539981</marc:subfield>
        </marc:datafield>
        <marc:datafield tag="610" ind1="1" ind2="7">
            <marc:subfield code="a">Confederate States of America.</marc:subfield>
            <marc:subfield code="b">Army.</marc:subfield>
            <marc:subfield code="b">Virginia Infantry Regiment, 17th.</marc:subfield>
            <marc:subfield code="2">fast</marc:subfield>
            <marc:subfield code="0">http://id.worldcat.org/fast/640661</marc:subfield>
        </marc:datafield>
        <marc:datafield tag="610" ind1="1" ind2="7">
            <marc:subfield code="a">Confederate States of America.</marc:subfield>
            <marc:subfield code="b">Navy.</marc:subfield>
            <marc:subfield code="2">fast</marc:subfield>
            <marc:subfield code="0">http://id.worldcat.org/fast/514289</marc:subfield>
        </marc:datafield>
        <marc:datafield tag="610" ind1="2" ind2="7">
            <marc:subfield code="a">Neuse (Ship)</marc:subfield>
            <marc:subfield code="2">fast</marc:subfield>
            <marc:subfield code="0">http://id.worldcat.org/fast/566425</marc:subfield>
        </marc:datafield>
        <marc:datafield tag="647" ind1=" " ind2="7">
            <marc:subfield code="a">American Civil War</marc:subfield>
            <marc:subfield code="c">(United States :</marc:subfield>
            <marc:subfield code="d">1861-1865)</marc:subfield>
            <marc:subfield code="2">fast</marc:subfield>
            <marc:subfield code="0">http://id.worldcat.org/fast/1351658</marc:subfield>
        </marc:datafield>
        <marc:datafield tag="651" ind1=" " ind2="0">
            <marc:subfield code="a">Chicago (Ill.)</marc:subfield>
            <marc:subfield code="0">http://id.loc.gov/authorities/names/n78086438</marc:subfield>
            <marc:subfield code="x">Fire, 1871.</marc:subfield>
            <marc:subfield code="0">http://id.loc.gov/authorities/subjects/sh00005747</marc:subfield>
        </marc:datafield>
        <marc:datafield tag="651" ind1=" " ind2="0">
            <marc:subfield code="a">North Carolina</marc:subfield>
            <marc:subfield code="x">History</marc:subfield>
            <marc:subfield code="y">Civil War, 1861-1865.</marc:subfield>
            <marc:subfield code="0">http://id.loc.gov/authorities/subjects/sh85092491</marc:subfield>
        </marc:datafield>
        <marc:datafield tag="650" ind1=" " ind2="0">
            <marc:subfield code="a">Soldiers</marc:subfield>
            <marc:subfield code="0">http://id.loc.gov/authorities/subjects/sh85124554</marc:subfield>
            <marc:subfield code="z">Confederate States of America</marc:subfield>
            <marc:subfield code="0">http://id.loc.gov/authorities/names/n79063906</marc:subfield>
            <marc:subfield code="v">Correspondence.</marc:subfield>
            <marc:subfield code="0">http://id.loc.gov/authorities/subjects/sh99001488</marc:subfield>
        </marc:datafield>
        <marc:datafield tag="650" ind1=" " ind2="0">
            <marc:subfield code="a">Women</marc:subfield>
            <marc:subfield code="z">Southern States.</marc:subfield>
            <marc:subfield code="0">http://id.loc.gov/authorities/subjects/sh2010119212</marc:subfield>
        </marc:datafield>
        <marc:datafield tag="650" ind1=" " ind2="7">
            <marc:subfield code="a">Armed Forces</marc:subfield>
            <marc:subfield code="x">Military life.</marc:subfield>
            <marc:subfield code="2">fast</marc:subfield>
            <marc:subfield code="0">http://id.worldcat.org/fast/1351813</marc:subfield>
        </marc:datafield>
        <marc:datafield tag="650" ind1=" " ind2="7">
            <marc:subfield code="a">Soldiers.</marc:subfield>
            <marc:subfield code="2">fast</marc:subfield>
            <marc:subfield code="0">http://id.worldcat.org/fast/1125233</marc:subfield>
        </marc:datafield>
        <marc:datafield tag="650" ind1=" " ind2="7">
            <marc:subfield code="a">Women.</marc:subfield>
            <marc:subfield code="2">fast</marc:subfield>
            <marc:subfield code="0">http://id.worldcat.org/fast/1176568</marc:subfield>
        </marc:datafield>
        <marc:datafield tag="651" ind1=" " ind2="7">
            <marc:subfield code="a">Illinois</marc:subfield>
            <marc:subfield code="z">Chicago.</marc:subfield>
            <marc:subfield code="2">fast</marc:subfield>
            <marc:subfield code="0">http://id.worldcat.org/fast/1204048</marc:subfield>
        </marc:datafield>
        <marc:datafield tag="651" ind1=" " ind2="7">
            <marc:subfield code="a">North Carolina.</marc:subfield>
            <marc:subfield code="2">fast</marc:subfield>
            <marc:subfield code="0">http://id.worldcat.org/fast/1204304</marc:subfield>
        </marc:datafield>
        <marc:datafield tag="651" ind1=" " ind2="7">
            <marc:subfield code="a">Southern States.</marc:subfield>
            <marc:subfield code="2">fast</marc:subfield>
            <marc:subfield code="0">http://id.worldcat.org/fast/1244550</marc:subfield>
        </marc:datafield>
        <marc:datafield tag="651" ind1=" " ind2="7">
            <marc:subfield code="a">United States</marc:subfield>
            <marc:subfield code="z">Confederate States of America.</marc:subfield>
            <marc:subfield code="2">fast</marc:subfield>
            <marc:subfield code="0">http://id.worldcat.org/fast/1205435</marc:subfield>
        </marc:datafield>
        <marc:datafield tag="648" ind1=" " ind2="7">
            <marc:subfield code="a">1861-1865</marc:subfield>
            <marc:subfield code="2">fast</marc:subfield>
        </marc:datafield>
        <marc:datafield tag="655" ind1=" " ind2="7">
            <marc:subfield code="a">History.</marc:subfield>
            <marc:subfield code="2">fast</marc:subfield>
            <marc:subfield code="0">http://id.worldcat.org/fast/1411628</marc:subfield>
        </marc:datafield>
        <marc:datafield tag="655" ind1=" " ind2="7">
            <marc:subfield code="a">Personal correspondence.</marc:subfield>
            <marc:subfield code="2">fast</marc:subfield>
            <marc:subfield code="0">http://id.worldcat.org/fast/1919948</marc:subfield>
        </marc:datafield>
        <marc:datafield tag="700" ind1="1" ind2=" ">
            <marc:subfield code="a">Leitz, George.</marc:subfield>
        </marc:datafield>
        <marc:datafield tag="752" ind1=" " ind2=" ">
            <marc:subfield code="b">North Carolina</marc:subfield>
            <marc:subfield code="c">Caswell County.</marc:subfield>
        </marc:datafield>
        <marc:datafield tag="905" ind1=" " ind2=" ">
            <marc:subfield code="a">MARCIVE 20200818</marc:subfield>
        </marc:datafield>
    </marc:record>