
    <marc:record>
        <marc:leader>03027cpcaa2200469Ii 4500</marc:leader>
        <marc:controlfield tag="001">000861202</marc:controlfield>
        <marc:controlfield tag="005">20200423132218.0</marc:controlfield>
        <marc:controlfield tag="008">890601i18621865tnu                 eng d</marc:controlfield>
        <marc:datafield tag="035" ind1=" " ind2=" ">
            <marc:subfield code="a">19793299</marc:subfield>
        </marc:datafield>
        <marc:datafield tag="040" ind1=" " ind2=" ">
            <marc:subfield code="a">NDD</marc:subfield>
            <marc:subfield code="b">eng</marc:subfield>
            <marc:subfield code="e">rda</marc:subfield>
            <marc:subfield code="e">dacs</marc:subfield>
            <marc:subfield code="c">NDD</marc:subfield>
            <marc:subfield code="d">OCLCQ</marc:subfield>
            <marc:subfield code="d">OCLCG</marc:subfield>
            <marc:subfield code="d">OCLCQ</marc:subfield>
            <marc:subfield code="d">OCLCO</marc:subfield>
            <marc:subfield code="d">OCLCF</marc:subfield>
            <marc:subfield code="d">OCL</marc:subfield>
            <marc:subfield code="d">NDD</marc:subfield>
        </marc:datafield>
        <marc:datafield tag="041" ind1=" " ind2=" ">
            <marc:subfield code="a">eng</marc:subfield>
        </marc:datafield>
        <marc:datafield tag="043" ind1=" " ind2=" ">
            <marc:subfield code="a">n-usu--</marc:subfield>
            <marc:subfield code="a">n-us-tn</marc:subfield>
        </marc:datafield>
        <marc:datafield tag="049" ind1=" " ind2=" ">
            <marc:subfield code="a">NDDP</marc:subfield>
        </marc:datafield>
        <marc:datafield tag="100" ind1="1" ind2=" ">
            <marc:subfield code="a">Hood, John Bell,</marc:subfield>
            <marc:subfield code="d">1831-1879,</marc:subfield>
            <marc:subfield code="0">http://id.loc.gov/authorities/names/n82054907</marc:subfield>
            <marc:subfield code="e">creator,</marc:subfield>
            <marc:subfield code="e">addressee.</marc:subfield>
        </marc:datafield>
        <marc:datafield tag="245" ind1="1" ind2="0">
            <marc:subfield code="a">John Bell Hood papers,</marc:subfield>
            <marc:subfield code="f">1862-1865.</marc:subfield>
        </marc:datafield>
        <marc:datafield tag="264" ind1=" " ind2="0">
            <marc:subfield code="c">1862-1865.</marc:subfield>
        </marc:datafield>
        <marc:datafield tag="300" ind1=" " ind2=" ">
            <marc:subfield code="a">6 items</marc:subfield>
        </marc:datafield>
        <marc:datafield tag="336" ind1=" " ind2=" ">
            <marc:subfield code="a">text</marc:subfield>
            <marc:subfield code="b">txt</marc:subfield>
            <marc:subfield code="2">rdacontent</marc:subfield>
        </marc:datafield>
        <marc:datafield tag="337" ind1=" " ind2=" ">
            <marc:subfield code="a">unmediated</marc:subfield>
            <marc:subfield code="b">n</marc:subfield>
            <marc:subfield code="2">rdamedia</marc:subfield>
        </marc:datafield>
        <marc:datafield tag="338" ind1=" " ind2=" ">
            <marc:subfield code="a">sheet</marc:subfield>
            <marc:subfield code="b">nb</marc:subfield>
            <marc:subfield code="2">rdacarrier</marc:subfield>
        </marc:datafield>
        <marc:datafield tag="545" ind1=" " ind2=" ">
            <marc:subfield code="a">John Bell Hood was a Confederate Army officer, stationed at Nashville (Davidson County), Tennessee.</marc:subfield>
        </marc:datafield>
        <marc:datafield tag="520" ind1="8" ind2=" ">
            <marc:subfield code="a">Miscellaneous papers of Lieut. General Hood, including a letter, 1864, from Hood to General Joseph Wheeler asking his cooperation in a charge about to be made; a report to Secretary of War James A. Seddon concerning an engagement at Franklin, Tennessee; an order pertaining to furloughs; a letter to Hood containing an order for Cheatham's Corps; a pass; and biographical information.</marc:subfield>
        </marc:datafield>
        <marc:datafield tag="600" ind1="1" ind2="0">
            <marc:subfield code="a">Hood, John Bell,</marc:subfield>
            <marc:subfield code="d">1831-1879.</marc:subfield>
            <marc:subfield code="0">http://id.loc.gov/authorities/names/n82054907</marc:subfield>
        </marc:datafield>
        <marc:datafield tag="610" ind1="1" ind2="0">
            <marc:subfield code="a">Confederate States of America.</marc:subfield>
            <marc:subfield code="b">Army</marc:subfield>
            <marc:subfield code="x">Officers</marc:subfield>
            <marc:subfield code="0">http://id.loc.gov/authorities/subjects/sh85030873</marc:subfield>
            <marc:subfield code="v">Correspondence.</marc:subfield>
            <marc:subfield code="0">http://id.loc.gov/authorities/subjects/sh99001488</marc:subfield>
        </marc:datafield>
        <marc:datafield tag="600" ind1="1" ind2="0">
            <marc:subfield code="a">Seddon, James A.</marc:subfield>
        </marc:datafield>
        <marc:datafield tag="600" ind1="1" ind2="0">
            <marc:subfield code="a">Wheeler, Joseph,</marc:subfield>
            <marc:subfield code="d">1836-1906.</marc:subfield>
            <marc:subfield code="0">http://id.loc.gov/authorities/names/nr88000299</marc:subfield>
        </marc:datafield>
        <marc:datafield tag="600" ind1="1" ind2="7">
            <marc:subfield code="a">Wheeler, Joseph,</marc:subfield>
            <marc:subfield code="d">1836-1906.</marc:subfield>
            <marc:subfield code="2">fast</marc:subfield>
            <marc:subfield code="0">http://id.worldcat.org/fast/222726</marc:subfield>
        </marc:datafield>
        <marc:datafield tag="610" ind1="1" ind2="7">
            <marc:subfield code="a">Confederate States of America.</marc:subfield>
            <marc:subfield code="b">Army.</marc:subfield>
            <marc:subfield code="2">fast</marc:subfield>
            <marc:subfield code="0">http://id.worldcat.org/fast/539981</marc:subfield>
        </marc:datafield>
        <marc:datafield tag="647" ind1=" " ind2="7">
            <marc:subfield code="a">American Civil War</marc:subfield>
            <marc:subfield code="c">(United States :</marc:subfield>
            <marc:subfield code="d">1861-1865)</marc:subfield>
            <marc:subfield code="2">fast</marc:subfield>
            <marc:subfield code="0">http://id.worldcat.org/fast/1351658</marc:subfield>
        </marc:datafield>
        <marc:datafield tag="651" ind1=" " ind2="0">
            <marc:subfield code="a">Franklin (Tenn.)</marc:subfield>
            <marc:subfield code="0">http://id.loc.gov/authorities/names/n80060571</marc:subfield>
            <marc:subfield code="x">History</marc:subfield>
            <marc:subfield code="0">http://id.loc.gov/authorities/subjects/sh99005024</marc:subfield>
            <marc:subfield code="y">Civil War, 1861-1865.</marc:subfield>
        </marc:datafield>
        <marc:datafield tag="650" ind1=" " ind2="0">
            <marc:subfield code="a">Soldiers</marc:subfield>
            <marc:subfield code="0">http://id.loc.gov/authorities/subjects/sh85124554</marc:subfield>
            <marc:subfield code="z">Confederate States of America</marc:subfield>
            <marc:subfield code="0">http://id.loc.gov/authorities/names/n79063906</marc:subfield>
            <marc:subfield code="v">Correspondence.</marc:subfield>
            <marc:subfield code="0">http://id.loc.gov/authorities/subjects/sh99001488</marc:subfield>
        </marc:datafield>
        <marc:datafield tag="651" ind1=" " ind2="0">
            <marc:subfield code="a">Tennessee</marc:subfield>
            <marc:subfield code="x">History</marc:subfield>
            <marc:subfield code="y">Civil War, 1861-1865.</marc:subfield>
            <marc:subfield code="0">http://id.loc.gov/authorities/subjects/sh85133875</marc:subfield>
        </marc:datafield>
        <marc:datafield tag="650" ind1=" " ind2="7">
            <marc:subfield code="a">Armed Forces</marc:subfield>
            <marc:subfield code="x">Officers.</marc:subfield>
            <marc:subfield code="2">fast</marc:subfield>
            <marc:subfield code="0">http://id.worldcat.org/fast/814617</marc:subfield>
        </marc:datafield>
        <marc:datafield tag="650" ind1=" " ind2="7">
            <marc:subfield code="a">Soldiers.</marc:subfield>
            <marc:subfield code="2">fast</marc:subfield>
            <marc:subfield code="0">http://id.worldcat.org/fast/1125233</marc:subfield>
        </marc:datafield>
        <marc:datafield tag="651" ind1=" " ind2="7">
            <marc:subfield code="a">Tennessee.</marc:subfield>
            <marc:subfield code="2">fast</marc:subfield>
            <marc:subfield code="0">http://id.worldcat.org/fast/1205353</marc:subfield>
        </marc:datafield>
        <marc:datafield tag="651" ind1=" " ind2="7">
            <marc:subfield code="a">Tennessee</marc:subfield>
            <marc:subfield code="z">Franklin.</marc:subfield>
            <marc:subfield code="2">fast</marc:subfield>
            <marc:subfield code="0">http://id.worldcat.org/fast/1208691</marc:subfield>
        </marc:datafield>
        <marc:datafield tag="651" ind1=" " ind2="7">
            <marc:subfield code="a">United States</marc:subfield>
            <marc:subfield code="z">Confederate States of America.</marc:subfield>
            <marc:subfield code="2">fast</marc:subfield>
            <marc:subfield code="0">http://id.worldcat.org/fast/1205435</marc:subfield>
        </marc:datafield>
        <marc:datafield tag="648" ind1=" " ind2="7">
            <marc:subfield code="a">1861-1865</marc:subfield>
            <marc:subfield code="2">fast</marc:subfield>
        </marc:datafield>
        <marc:datafield tag="655" ind1=" " ind2="7">
            <marc:subfield code="a">History.</marc:subfield>
            <marc:subfield code="2">fast</marc:subfield>
            <marc:subfield code="0">http://id.worldcat.org/fast/1411628</marc:subfield>
        </marc:datafield>
        <marc:datafield tag="655" ind1=" " ind2="7">
            <marc:subfield code="a">Personal correspondence.</marc:subfield>
            <marc:subfield code="2">fast</marc:subfield>
            <marc:subfield code="0">http://id.worldcat.org/fast/1919948</marc:subfield>
        </marc:datafield>
        <marc:datafield tag="752" ind1=" " ind2=" ">
            <marc:subfield code="b">Tennessee</marc:subfield>
            <marc:subfield code="c">Davidson County</marc:subfield>
            <marc:subfield code="d">Nashville.</marc:subfield>
        </marc:datafield>
        <marc:datafield tag="905" ind1=" " ind2=" ">
            <marc:subfield code="a">MARCIVE 20200818</marc:subfield>
        </marc:datafield>
    </marc:record>